@article{ji20023d,
    title = {{3D face pose estimation and tracking from a monocular camera}},
    year = {2002},
    journal = {Image and vision computing},
    author = {Ji, Qiang},
    number = {7},
    pages = {499--511},
    volume = {20},
    publisher = {Elsevier},
    isbn = {9789241513449},
    doi = {10.1016/j.medcli.2020.12.040},
    keywords = {aripiprazole, aripiprazole-induced hyperhidrosis, case reports, hyperhidrosis, two case reports}
}

@article{PythonViolaImp2,
    title = {{Breaking Down Facial Recognition: The Viola-Jones Algorithm}},
    year = {2019},
    journal = {Article},
    author = {Gupta, R.},
    url = {https://towardsdatascience.com/the-intuition-behind-facial-detection-the-viola-jones-algorithm-29d9106b6999}
}

@book{nise2020control,
    title = {{Control systems engineering}},
    year = {2020},
    author = {Nise, Norman S},
    pages = {5--5},
    volume = {32},
    publisher = {John Wiley {\&} Sons}
}

@article{crespo2015dualsphysics,
    title = {{DualSPHysics: Open-source parallel CFD solver based on Smoothed Particle Hydrodynamics (SPH)}},
    year = {2015},
    journal = {Computer Physics Communications},
    author = {Crespo, Alejandro J C and Dom{\textbackslash}'{\textbackslash}inguez, José M and Rogers, Benedict D and G{\'{o}}mez-Gesteira, Moncho and Longshaw, S and Canelas, RJFB and Vacondio, Renato and Barreiro, Anxo and Garc{\textbackslash}'{\textbackslash}ia-Feal, Orlando},
    pages = {204--216},
    volume = {187},
    publisher = {Elsevier}
}

@misc{VoilaOptimisation,
    title = {{How to Detect Face Recognition using Viola Jones Algorithm}},
    url = {https://www.mygreatlearning.com/blog/viola-jones-algorithm/}
}

@inproceedings{garcia2007human,
    title = {{Human face processing with 1.5 D models}},
    year = {2007},
    booktitle = {International Workshop on Analysis and Modeling of Faces and Gestures},
    author = {Garc{\textbackslash}'{\textbackslash}ia-Mateos, Ginés and Ruiz-Garcia, Alberto and L{\'{o}}pez-de-Teruel, Pedro E},
    number = {May 2014},
    pages = {220--234},
    organization = {Springer},
    isbn = {9783540756903},
    doi = {10.1007/978-3-540-75690-3}
}

@book{nakayama2018introduction,
    title = {{Introduction to fluid mechanics}},
    year = {2018},
    author = {Nakayama, Yasuki},
    publisher = {Butterworth-Heinemann}
}

@book{craig2009introduction,
    title = {{Introduction to robotics: mechanics and control}},
    year = {2009},
    booktitle = {The International Journal of Electrical Engineering {\&} Education},
    author = {Craig, John J},
    number = {3},
    pages = {388--388},
    volume = {41},
    publisher = {Pearson Education India},
    doi = {10.7227/ijeee.41.4.11},
    issn = {0020-7209}
}

@book{ibrahim2005liquid,
    title = {{Liquid sloshing dynamics: theory and applications}},
    year = {2005},
    author = {Ibrahim, Raouf A},
    publisher = {Cambridge University Press}
}

@book{bolton2018mechatronics,
    title = {{Mechatronics: Electronic Control Systems in Mechanical and Electrical Engineering}},
    year = {2018},
    author = {Bolton, William Charles},
    publisher = {Pearson UK},
    isbn = {9781292076683}
}

@book{webster2009medical,
    title = {{Medical instrumentation: application and design}},
    year = {2009},
    author = {Webster, John G},
    publisher = {John Wiley {\&} Sons},
    isbn = {978-0-471-67600-3}
}

@book{webster2009medicalb,
    title = {{Medical instrumentation: application and design}},
    year = {2009},
    author = {Webster, John G},
    publisher = {John Wiley {\&} Sons},
    isbn = {978-0-471-67600-3}
}

@book{lynch2017modern,
    title = {{Modern Robotics: Mechanics, Planning, and Control}},
    year = {2017},
    booktitle = {Nippon Kikai Gakkai Ronbunshu, C Hen/Transactions of the Japan Society of Mechanical Engineers, Part C},
    author = {Lynch Kevin, M and Park Frank, C},
    number = {435},
    pages = {1663--1668},
    volume = {48},
    publisher = {Cambridge University Press},
    isbn = {9781107156302},
    doi = {10.1299/kikaic.48.1663},
    issn = {03875024}
}

@book{sobh2008novel,
    title = {{Novel algorithms and techniques in telecommunications, automation and industrial electronics}},
    year = {2008},
    author = {Sobh, Tarek and Elleithy, Khaled and Mahmood, Ausif and Karim, Mohammad A},
    publisher = {Springer Science {\&} Business Media},
    isbn = {9781402087363}
}

@article{Green1986,
    title = {{Oral perception of the temperature of liquids}},
    year = {1986},
    journal = {Perception {\&} Psychophysics},
    author = {Green, Barry G.},
    number = {1},
    pages = {19--24},
    volume = {39},
    doi = {10.3758/BF03207579},
    issn = {00315117},
    pmid = {3703657}
}

@misc{ViolaJetson,
    title = {{Real-time Face detection on Jetson Nano using OpenCV | Nvidia Jetson | Maker Pro}},
    url = {https://maker.pro/nvidia-jetson/tutorial/real-time-face-detection-on-jetson-nano-using-opencv?__cf_chl_managed_tk__=0902eaa3d5f959af0472aaa18fb99bd3363d5ff7-1621432992-0-AWMVxrfJPN5S5c-9MR1_DyyZiG4Bu5hNRxNAjHIuWMwiVL3fRtoeHgrlQiwvtEK9BoQzde82ssHLHXnrjIHhk}
}

@book{peter2017robotics,
    title = {{Robotics, Vision and Control: Fundamental Algorithms in MATLAB{\textregistered}}},
    year = {2017},
    author = {Corke, Peter},
    publisher = {Spinger},
    isbn = {9783319544120}
}

@article{ViolaJonesOrig,
    title = {{Robust Real-Time Face Detection}},
    year = {2004},
    journal = {International Journal of Computer Vision},
    author = {Viola, Paul and Jones, Michael J},
    number = {2},
    pages = {137--154},
    volume = {57},
    url = {https://doi.org/10.1023/B:VISI.0000013087.49260.fb},
    doi = {10.1023/B:VISI.0000013087.49260.fb},
    issn = {1573-1405},
    keywords = {boosting, face detection, human sensing}
}

@article{osadchy2007synergistic,
    title = {{Synergistic face detection and pose estimation with energy-based models.}},
    year = {2007},
    journal = {Journal of Machine Learning Research},
    author = {Osadchy, Margarita and Le Cun, Yann and Miller, Matthew L},
    number = {5},
    pages = {508--524},
    volume = {8},
    url = {http://link.springer.com/chapter/10.1007/11957959_26%5Cnhttp://www.springerlink.com/index/10.1007/11957959},
    isbn = {978-3-540-68794-8},
    issn = {1532-4435},
    pmid = {14629560},
    keywords = {convolutional networks, energy based models, face detection, object recognition, pose estimation}
}

@article{osadchy2007synergisticb,
    title = {{Synergistic face detection and pose estimation with energy-based models.}},
    year = {2007},
    journal = {Journal of Machine Learning Research},
    author = {Osadchy, Margarita and Le Cun, Yann and Miller, Matthew L},
    number = {5},
    volume = {8}
}

@article{PythonViolaImp,
    title = {{Understanding and Implementing the Viola-Jones Image Classification Algorithm}},
    year = {2019},
    journal = {Data Driven Investor},
    author = {Parande, Anmol},
    pages = {1--18},
    url = {https://medium.datadriveninvestor.com/understanding-and-implementing-the-viola-jones-image-classification-algorithm-85621f7fe20b}
}

@article{PythonViolaImpv3,
    title = {{Understanding and Implementing Viola-Jones ( Part Two )}},
    year = {2019},
    author = {Parande, Anmol},
    url = {https://medium.datadriveninvestor.com/understanding-and-implementing-viola-jones-part-two-97ae164ee60f}
}

@article{Kok115153772,
    title = {{1 15153772}},
    author = {Kok, P and Hanekom, Prof T}
}

@article{Sagonas2016300Results,
    title = {{300 Faces In-The-Wild Challenge: database and results}},
    year = {2016},
    journal = {Image and Vision Computing},
    author = {Sagonas, Christos and Antonakos, Epameinondas and Tzimiropoulos, Georgios and Zafeiriou, Stefanos and Pantic, Maja},
    pages = {3--18},
    volume = {47},
    publisher = {Elsevier B.V.},
    url = {http://dx.doi.org/10.1016/j.imavis.2016.01.002},
    doi = {10.1016/j.imavis.2016.01.002},
    issn = {02628856},
    keywords = {Challenge, Facial database, Facial landmark localization, Semi-automatic annotation tool}
}

@misc{666900-31.pdf,
    title = {{666900-3 (1).pdf}}
}

@article{Du2020ATrains,
    title = {{A basis for the computer-aided design of the topological structure of planetary gear trains}},
    year = {2020},
    journal = {Mechanism and Machine Theory},
    author = {Du, Mao and Yang, Lin},
    pages = {103690},
    volume = {145},
    publisher = {Elsevier Ltd},
    url = {https://doi.org/10.1016/j.mechmachtheory.2019.103690},
    doi = {10.1016/j.mechmachtheory.2019.103690},
    issn = {0094114X},
    keywords = {Automatically, Computer-aided design, Graph theory, Multi-power system, Optimal topology design, Planetary gear train}
}

@article{Qian2020AMechanism,
    title = {{A comprehensive method for the contact detection of a translational clearance joint and dynamic response after its application in a crank-slider mechanism}},
    year = {2020},
    journal = {Mechanism and Machine Theory},
    author = {Qian, Mengbo and Qin, Zhe and Yan, Shaoze and Zhang, Lin},
    pages = {103717},
    volume = {145},
    publisher = {Elsevier Ltd},
    url = {https://doi.org/10.1016/j.mechmachtheory.2019.103717},
    doi = {10.1016/j.mechmachtheory.2019.103717},
    issn = {0094114X},
    keywords = {Contact modes, Detection, Experiment, Nonlinear dynamic, Translational clearance joint}
}

@article{Jin2020AContacts,
    title = {{A CPRBM-based method for large-deflection analysis of contact-aided compliant mechanisms considering beam-to-beam contacts}},
    year = {2020},
    journal = {Mechanism and Machine Theory},
    author = {Jin, Mohui and Zhu, Benliang and Mo, Jiasi and Yang, Zhou and Zhang, Xianmin and Howell, Larry L.},
    pages = {103700},
    volume = {145},
    publisher = {Elsevier Ltd},
    url = {https://doi.org/10.1016/j.mechmachtheory.2019.103700},
    doi = {10.1016/j.mechmachtheory.2019.103700},
    issn = {0094114X},
    keywords = {Chained pseudo-rigid-body model, Compliant mechanisms, Contact analysis, Large deflection}
}

@article{Reinhold2019ARobot,
    title = {{A Dynamic Optimization Approach for Sloshing Free Transport of Liquid Filled Containers using an Industrial Robot}},
    year = {2019},
    journal = {IEEE International Conference on Intelligent Robots and Systems},
    author = {Reinhold, Jan and Amersdorfer, Manuel and Meurer, Thomas},
    pages = {2336--2341},
    isbn = {9781728140049},
    doi = {10.1109/IROS40897.2019.8968144},
    issn = {21530866}
}

@article{Burgdorfer2020AApproach,
    title = {{A GPU Adaptation of Viola-Jones Face Detection CPU Implementation and Algorithm Approach}},
    year = {2020},
    author = {Burgdorfer, Nathaniel}
}

@article{Tran2020AHoning,
    title = {{A novel method for closed-loop topology modification of helical gears using internal-meshing gear honing}},
    year = {2020},
    journal = {Mechanism and Machine Theory},
    author = {Tran, Van Quyet and Wu, Yu Ren},
    volume = {145},
    publisher = {Elsevier Ltd},
    doi = {10.1016/j.mechmachtheory.2019.103691},
    issn = {0094114X},
    keywords = {Anti-twist, Double-crowned, Gear honing, Sensitivity matrix, Topology modification}
}

@article{Mohammadi2020ACapabilities,
    title = {{A practical 3D-printed soft robotic prosthetic hand with multi-articulating capabilities}},
    year = {2020},
    journal = {PLoS ONE},
    author = {Mohammadi, Alireza and Lavranos, Jim and Zhou, Hao and Mutlu, Rahim and Alici, Gursel and Tan, Ying and Choong, Peter and Oetomo, Denny},
    number = {5},
    pages = {1--23},
    volume = {15},
    url = {http://dx.doi.org/10.1371/journal.pone.0232766},
    isbn = {1111111111},
    doi = {10.1371/journal.pone.0232766},
    issn = {19326203},
    pmid = {32407396}
}

@book{PhysiologytextureAE,
    title = {{A r o u g h g u i d e t o t e x t u r e}},
    author = {Physiologytexture, Oral and Of, Perception},
    isbn = {9039336644}
}

@article{Yin2020AManipulators,
    title = {{A screw theory based approach to determining the identifiable parameters for calibration of parallel manipulators}},
    year = {2020},
    journal = {Mechanism and Machine Theory},
    author = {Yin, F. W. and Tian, W. J. and Liu, H. T. and Huang, T. and Chetwynd, D. G.},
    pages = {103665},
    volume = {145},
    publisher = {Elsevier Ltd},
    url = {https://doi.org/10.1016/j.mechmachtheory.2019.103665},
    doi = {10.1016/j.mechmachtheory.2019.103665},
    issn = {0094114X},
    keywords = {Calibration, Error modeling, Identifiability, Robotic manipulators}
}

@article{Chetpattananondh2014ASensor,
    title = {{A self-calibration water level measurement using an interdigital capacitive sensor}},
    year = {2014},
    journal = {Sensors and Actuators A: Physical},
    author = {Chetpattananondh, K. and Tapoanoi, T. and Phukpattaranont, P. and Jindapetch, N.},
    month = {3},
    pages = {175--182},
    volume = {209},
    publisher = {Elsevier},
    doi = {10.1016/J.SNA.2014.01.040},
    issn = {0924-4247},
    keywords = {Capacitive sensor, Comb electrode, Flood monitoring, Interdigital capacitive sensor, Tidal recording, Water level measurement}
}

@article{Chetpattananondh2014ASensorb,
    title = {{A self-calibration water level measurement using an interdigital capacitive sensor}},
    year = {2014},
    journal = {Sensors and Actuators, A: Physical},
    author = {Chetpattananondh, K. and Tapoanoi, T. and Phukpattaranont, P. and Jindapetch, N.},
    pages = {175--182},
    volume = {209},
    publisher = {Elsevier B.V.},
    url = {http://dx.doi.org/10.1016/j.sna.2014.01.040},
    doi = {10.1016/j.sna.2014.01.040},
    issn = {09244247},
    keywords = {Capacitive sensor, Comb electrode, Flood monitoring, Interdigital capacitive sensor, Tidal recording, Water level measurement}
}

@article{Han2016ARegime,
    title = {{A Study on the Coffee Spilling Phenomena in the Low Impulse Regime}},
    year = {2016},
    journal = {Achievements in the Life Sciences},
    author = {Han, Jiwon},
    number = {1},
    pages = {87--101},
    volume = {10},
    publisher = {Hosting by Elsevier B.V. on behalf of Far Eastern Federal University.},
    url = {http://dx.doi.org/10.1016/j.als.2016.05.009},
    doi = {10.1016/j.als.2016.05.009},
    issn = {20781520}
}

@article{Allen1990AHand,
    title = {{A System for Programming and Controlling a Multisensor Robotic Hand}},
    year = {1990},
    journal = {IEEE Transactions on Systems, Man and Cybernetics},
    author = {Allen, Peter K. and Michelman, Paul and Roberts, Kenneth S.},
    number = {6},
    pages = {1450--1456},
    volume = {20},
    doi = {10.1109/21.61214},
    issn = {21682909}
}

@article{Tzamtzi2007ATransfer,
    title = {{A two stage robot control for liquid transfer}},
    year = {2007},
    journal = {IEEE International Conference on Emerging Technologies and Factory Automation, ETFA},
    author = {Tzamtzi, M. P. and Koumboulis, F. N. and Kouvakas, N. D.},
    pages = {1324--1333},
    publisher = {IEEE},
    isbn = {1424408261},
    doi = {10.1109/EFTA.2007.4416934}
}

@article{Higa2014ADisabilities,
    title = {{A Vision-Based Assistive Robotic Arm for People with Severe Disabilities}},
    year = {2014},
    journal = {Transactions on Machine Learning and Artificial Intelligence},
    author = {Higa, Hiroki and Kurisu, Kei and Uehara, Hideyuki},
    number = {4},
    pages = {12--23},
    volume = {2},
    doi = {10.14738/tmlai.24.309},
    issn = {2054-7390}
}

@article{Xu2017ActiveMethodology,
    title = {{Active Electrodes for Wearable EEG Acquisition: Review and Electronics Design Methodology}},
    year = {2017},
    journal = {IEEE Reviews in Biomedical Engineering},
    author = {Xu, Jiawei and Mitra, Srinjoy and Van Hoof, Chris and Yazicioglu, Refet Firat and Makinwa, Kofi A.A.},
    pages = {187--198},
    volume = {10},
    doi = {10.1109/RBME.2017.2656388},
    issn = {19411189},
    pmid = {28113349},
    keywords = {Active electrode (AE), brain-computer interface, common-mode rejection ratio (CMRR), dry electrodes, electroencephalography (EEG), instrumentation amplifier (IA)}
}

@article{Park2020ActiveLearned,
    title = {{Active robot-assisted feeding with a general-purpose mobile manipulator: Design, evaluation, and lessons learned}},
    year = {2020},
    journal = {Robotics and Autonomous Systems},
    author = {Park, Daehyung and Hoshi, Yuuna and Mahajan, Harshal P. and Kim, Ho Keun and Erickson, Zackory and Rogers, Wendy A. and Kemp, Charles C.},
    month = {2},
    pages = {103344},
    volume = {124},
    publisher = {Elsevier B.V.},
    doi = {10.1016/j.robot.2019.103344},
    issn = {09218890},
    keywords = {Assistive feeding, Assistive robots, Manipulation, Meal assistance}
}

@article{Gordon2020AdaptiveItems,
    title = {{Adaptive robot-assisted feeding: An online learning framework for acquiring previously unseen food items}},
    year = {2020},
    journal = {IEEE International Conference on Intelligent Robots and Systems},
    author = {Gordon, Ethan K. and Meng, Xiang and Bhattacharjee, Tapomayukh and Barnes, Matt and Srinivasa, Siddhartha S.},
    number = {1},
    pages = {9659--9666},
    isbn = {9781728162126},
    doi = {10.1109/IROS45743.2020.9341359},
    issn = {21530866},
    arxivId = {1908.07088}
}

@book{CorkeALGORITHMS,
    title = {{ALGORITHMS}},
    author = {Corke, Peter},
    isbn = {9783319544120}
}

@article{Schroer2015AnDrinking,
    title = {{An autonomous robotic assistant for drinking}},
    year = {2015},
    journal = {Proceedings - IEEE International Conference on Robotics and Automation},
    author = {Schr{\"{o}}er, Sebastian and Killmann, Ingo and Frank, Barbara and V{\"{o}}lker, Martin and Fiederer, Lukas and Ball, Tonio and Burgard, Wolfram},
    number = {June},
    pages = {6482--6487},
    volume = {2015-June},
    doi = {10.1109/ICRA.2015.7140110},
    issn = {10504729}
}

@article{Kim2009AnArm,
    title = {{An empirical study with simulated ADL tasks using a vision-guided assistive robot arm}},
    year = {2009},
    journal = {2009 IEEE International Conference on Rehabilitation Robotics, ICORR 2009},
    author = {Kim, Dae Jin and Lovelett, Ryan and Behal, Aman},
    pages = {504--509},
    publisher = {IEEE},
    isbn = {9781424437894},
    doi = {10.1109/ICORR.2009.5209527},
    keywords = {Assistive robotics, Robot assisted activity {\&} therapy, Robotics for caregiving}
}

@article{Profile2007AnalysisGestures,
    title = {{Analysis and Modeling of Faces and Gestures}},
    year = {2007},
    journal = {Analysis and Modeling of Faces and Gestures},
    author = {Profile, S E E},
    number = {May 2014},
    isbn = {9783540756903},
    doi = {10.1007/978-3-540-75690-3}
}

@article{Geng2020AnalyticalAlgorithm,
    title = {{Analytical tension-distribution computation for cable-driven parallel robots using hypersphere mapping algorithm}},
    year = {2020},
    journal = {Mechanism and Machine Theory},
    author = {Geng, Xinyu and Li, Meng and Liu, Yufei and Li, Yuanyuan and Zheng, Wei and Li, Zhibin},
    pages = {103692},
    volume = {145},
    publisher = {Elsevier Ltd},
    url = {https://doi.org/10.1016/j.mechmachtheory.2019.103692},
    doi = {10.1016/j.mechmachtheory.2019.103692},
    issn = {0094114X},
    keywords = {Analytical algorithm, Cable-driven parallel robots, Non-probabilistic theory, Tension-distribution optimisation, Uncertainty propagation}
}

@article{MouriAnthropomorphicIII,
    title = {{Anthropomorphic Robot Hand : Gifu Hand III}},
    author = {Mouri, Tetsuya and Kawasaki, Haruhisa and Yoshikawa, Keisuke and Takai, Jun and Ito, Satoshi},
    pages = {1288--1293},
    keywords = {anthropomorphic hand, grasping reflex, humanoid, multi-fingers, real-time control, robot hand, tactile sensor, thumb opposability}
}

@article{J.M.CisnerosHerreros2010ArticlePress,
    title = {{Article in Press Article in Press}},
    year = {2010},
    journal = {GEF Bulletin of Biosciences},
    author = {{J. M. Cisneros Herreros} and {G. Pe{\~{n}}alva Moreno}},
    number = {1},
    pages = {1--6},
    volume = {1},
    isbn = {9789241513449},
    doi = {10.1016/j.medcli.2020.12.040},
    keywords = {aripiprazole, aripiprazole-induced hyperhidrosis, case reports, hyperhidrosis, two case reports}
}

@article{Erickson2020AssistiveRobotics,
    title = {{Assistive Gym: A Physics Simulation Framework for Assistive Robotics}},
    year = {2020},
    journal = {Proceedings - IEEE International Conference on Robotics and Automation},
    author = {Erickson, Zackory and Gangaram, Vamsee and Kapusta, Ariel and Liu, C. Karen and Kemp, Charles C.},
    pages = {10169--10176},
    isbn = {9781728173955},
    doi = {10.1109/ICRA40945.2020.9197411},
    issn = {10504729},
    arxivId = {1910.04700}
}

@article{Prokos2012AutomaticPatterns,
    title = {{Automatic Calibration of Stereo-Cameras Using Ordinary Chess-Board Patterns}},
    year = {2012},
    journal = {The International Archives of the Photogrammetry, Remote Sensing and Spatial Information Sciences},
    author = {Prokos, A. and Kalisperakis, I. and Petsa, E. and Karras, G.},
    number = {September},
    pages = {45--49},
    volume = {XXXIX-B5},
    doi = {10.5194/isprsarchives-xxxix-b5-45-2012},
    issn = {1682-1750},
    keywords = {automation, bundle, calibration, distortion, extraction, non-metric, stereoscopic}
}

@article{Yamazaki2012AutonomousRobot,
    title = {{Autonomous foods handling by chopsticks for meal assistant robot}},
    year = {2012},
    journal = {7th German Conference on Robotics, ROBOTIK 2012},
    author = {Yamazaki, Akira and Masuda, Ryosuke},
    pages = {221--226}
}

@article{Goldau2019AutonomousTask,
    title = {{Autonomous multi-sensory robotic assistant for a drinking task}},
    year = {2019},
    journal = {IEEE International Conference on Rehabilitation Robotics},
    author = {Goldau, Felix Ferdinand and Shastha, Tejas Kumar and Kyrarini, Maria and Graser, Axel},
    pages = {210--216},
    volume = {2019-June},
    isbn = {9781728127552},
    doi = {10.1109/ICORR.2019.8779521},
    issn = {19457901},
    pmid = {31374632},
    keywords = {Assistive robots, Force control, Head pose estimation, Human-robot interaction}
}

@article{Zhang2016BiomechatronicApplications,
    title = {{Biomechatronic design and control of an anthropomorphic artificial hand for prosthetic applications}},
    year = {2016},
    journal = {Robotica},
    author = {Zhang, Ting and Wang, Xin Qing and Jiang, Li and Wu, Xinyu and Feng, Wei and Zhou, Dingjiang and Liu, Hong},
    number = {10},
    pages = {2291--2308},
    volume = {34},
    doi = {10.1017/S0263574714002902},
    issn = {14698668},
    keywords = {Anthropomorphic artificial hand, Biomechatronic design, Electromyography control, Prosthetic hand}
}

@article{Renfrew2004BookControl,
    title = {{Book Review: Introduction to Robotics: Mechanics and Control}},
    year = {2004},
    journal = {The International Journal of Electrical Engineering {\&} Education},
    author = {Renfrew, Alasdair},
    number = {4},
    pages = {388--388},
    volume = {41},
    doi = {10.7227/ijeee.41.4.11},
    issn = {0020-7209}
}

@article{Chen2012CapacitiveStructures,
    title = {{Capacitive sensors for measuring complex permittivity of planar and cylindrical structures}},
    year = {2012},
    author = {Chen, Tianming},
    pages = {204}
}

@misc{CheapHackster.io,
    title = {{Cheap, Open Source Eye Tracking You Can Build Yourself - Hackster.io}},
    url = {https://www.hackster.io/news/cheap-open-source-eye-tracking-you-can-build-yourself-7f4575d2d40f}
}

@article{Iwata2019CombinatorialMultiflow,
    title = {{Combinatorial algorithms for edge-disjoint T-paths and integer free multiflow}},
    year = {2019},
    journal = {arXiv},
    author = {Iwata, Satoru and Yokoi, Yu},
    number = {17},
    pages = {1--18},
    issn = {23318422},
    arxivId = {1909.07919}
}

@article{Zander2011CombiningInteraction,
    title = {{Combining eye gaze input with a brain-computer interface for touchless human-computer interaction}},
    year = {2011},
    journal = {International Journal of Human-Computer Interaction},
    author = {Zander, Thorsten O. and Gaertner, Matti and Kothe, Christian and Vilimek, Roman},
    number = {1},
    pages = {38--51},
    volume = {27},
    doi = {10.1080/10447318.2011.535752},
    issn = {10447318}
}

@book{Szeliski2010ComputerScience,
    title = {{Computer Vision (Texts in Computer Science)}},
    year = {2010},
    booktitle = {Media},
    author = {Szeliski, Richard},
    pages = {823},
    volume = {42},
    url = {www.springer.com/series/3191%5Cnhttp://www.ncbi.nlm.nih.gov/pubmed/20549881},
    isbn = {9781848829343},
    doi = {10.1007/978-1-84882-256-6},
    issn = {02569574},
    pmid = {20529422},
    arxivId = {arXiv:1011.1669v3}
}

@article{Cao2020ConstructionMatrix,
    title = {{Construction method of parallel mechanisms with a partially constant Jacobian matrix}},
    year = {2020},
    journal = {Mechanism and Machine Theory},
    author = {Cao, Yachao and Zhao, Yanzhi and Zhang, Tie and Ma, Guangcai},
    pages = {103699},
    volume = {145},
    publisher = {Elsevier Ltd},
    url = {https://doi.org/10.1016/j.mechmachtheory.2019.103699},
    doi = {10.1016/j.mechmachtheory.2019.103699},
    issn = {0094114X},
    keywords = {Jacobian matrix, Parallel mechanism, Partially constant, Screw theory, Velocity/force analysis}
}

@article{Johansen2016ControlApplication,
    title = {{Control of a Robotic Hand Using a Tongue Control System-A Prosthesis Application}},
    year = {2016},
    journal = {IEEE Transactions on Biomedical Engineering},
    author = {Johansen, Daniel and Cipriani, Christian and Popovic, Dejan B. and Struijk, Lotte N.S.A.},
    number = {7},
    pages = {1368--1376},
    volume = {63},
    doi = {10.1109/TBME.2016.2517742},
    issn = {15582531},
    pmid = {26780786},
    keywords = {Assistive Technology, Control Schemes, Hand Prosthetics, Robotic Hands, Tongue Control}
}

@article{Grossard2015Control-OrientedHand,
    title = {{Control-Oriented Design and Robust Decentralized Control of the CEA Dexterous Robot Hand}},
    year = {2015},
    journal = {IEEE/ASME Transactions on Mechatronics},
    author = {Grossard, Mathieu and Martin, Javier and Pacheco, Gabriel Felippe Da Cruz},
    number = {4},
    pages = {1809--1821},
    volume = {20},
    publisher = {IEEE},
    doi = {10.1109/TMECH.2014.2355040},
    issn = {10834435},
    keywords = {Decentralized control, H control, dexterous hand, relative gain array (RGA), tendon-driven hand}
}

@article{Yang2020DecoupledPrinciple,
    title = {{Decoupled elastostatic stiffness modeling of parallel manipulators based on the rigidity principle}},
    year = {2020},
    journal = {Mechanism and Machine Theory},
    author = {Yang, Chao and Li, Qinchuan and Chen, Qiaohong},
    pages = {103718},
    volume = {145},
    publisher = {Elsevier Ltd},
    url = {https://doi.org/10.1016/j.mechmachtheory.2019.103718},
    doi = {10.1016/j.mechmachtheory.2019.103718},
    issn = {0094114X},
    keywords = {Elastostatic stiffness modeling, Parallel manipulator, Rigidity principle, Strain energy}
}

@misc{DepthPython/C++,
    title = {{Depth perception using stereo camera (Python/C++)}},
    url = {https://learnopencv.com/depth-perception-using-stereo-camera-python-c/}
}

@article{Calderon-Cordova2017DesignProsthesis,
    title = {{Design and Deployment of Grasp Control System applied to robotic hand prosthesis}},
    year = {2017},
    journal = {IEEE Latin America Transactions},
    author = {Calderon-Cordova, Carlos A. and Ramirez, C. and Barros, V. and Punin, G.},
    number = {2},
    pages = {181--188},
    volume = {15},
    doi = {10.1109/TLA.2017.7854610},
    issn = {15480992},
    keywords = {PID control, Robotic hand prosthesis, grasp control, system identification}
}

@article{Hussain2015DesignExtra-finger,
    title = {{Design guidelines for a wearable robotic extra-finger}},
    year = {2015},
    journal = {2015 IEEE 1st International Forum on Research and Technologies for Society and Industry, RTSI 2015 - Proceedings},
    author = {Hussain, Irfan and Salvietti, Gionata and Malvezzi, Monica and Prattichizzo, Domenico},
    pages = {54--60},
    publisher = {IEEE},
    isbn = {9781467381666},
    doi = {10.1109/RTSI.2015.7325071}
}

@article{Pourmohammadali2007DesignDisabled,
    title = {{Design of a multiple-user intelligent feeding robot for elderly and disabled}},
    year = {2007},
    journal = {ProQuest Dissertations and Theses},
    author = {Pourmohammadali, Homeyra},
    pages = {168},
    volume = {MR34377},
    url = {http://ezproxy.net.ucf.edu/login?url=http://search.proquest.com/docview/304714728?accountid=10003%5Cnhttp://sfx.fcla.edu/ucf?url_ver=Z39.88-2004&rft_val_fmt=info:ofi/fmt:kev:mtx:dissertation&genre=dissertations+&+theses&sid=ProQ:ProQuest+Dissertations+&+T},
    isbn = {9780494343777},
    keywords = {0548:Mechanical engineering, 0771:Robots, Applied sciences, Mechanical engineering, Robots}
}

@article{Jin2020DesignStructures,
    title = {{Design of dexterous hands based on parallel finger structures}},
    year = {2020},
    journal = {Mechanism and Machine Theory},
    author = {Jin, Xiaodong and Fang, Yuefa and Zhang, Dan and Gong, Junshan},
    volume = {152},
    publisher = {Elsevier Ltd},
    doi = {10.1016/j.mechmachtheory.2020.103952},
    issn = {0094114X},
    keywords = {Carrying capability, Dexterous hands, Lie group, Multipurpose, Parallel finger structure, Parallel mechanism}
}

@article{Bae2012DevelopmentCapability,
    title = {{Development of a low cost anthropomorphic robot hand with high capability}},
    year = {2012},
    journal = {IEEE International Conference on Intelligent Robots and Systems},
    author = {Bae, Ji Hun and Park, Sung Woo and Park, Jae Han and Baeg, Moon Hong and Kim, Doik and Oh, Sang Rok},
    pages = {4776--4782},
    publisher = {IEEE},
    isbn = {9781467317375},
    doi = {10.1109/IROS.2012.6386063},
    issn = {21530858}
}

@article{Steele2019DevelopmentStudy,
    title = {{Development of a Non-invasive Device for Swallow Screening in Patients at Risk of Oropharyngeal Dysphagia: Results from a Prospective Exploratory Study}},
    year = {2019},
    journal = {Dysphagia},
    author = {Steele, Catriona M. and Mukherjee, Rajat and Kortelainen, Juha M. and P{\"{o}}l{\"{o}}nen, Harri and Jedwab, Michael and Brady, Susan L. and Theimer, Kayla Brinkman and Langmore, Susan and Riquelme, Luis F. and Swigert, Nancy B. and Bath, Philip M. and Goldstein, Larry B. and Hughes, Richard L. and Leifer, Dana and Lees, Kennedy R. and Meretoja, Atte and Muehlemann, Natalia},
    number = {5},
    pages = {698--707},
    volume = {34},
    publisher = {Springer US},
    url = {https://doi.org/10.1007/s00455-018-09974-5},
    isbn = {0045501809974},
    doi = {10.1007/s00455-018-09974-5},
    issn = {14320460},
    pmid = {30612234},
    keywords = {Deglutition, Deglutition disorders, Devices, Dysphagia, Screening, Swallowing}
}

@article{Shieh2015DevelopmentDevice,
    title = {{Development of a portable non-invasive swallowing and respiration assessment device}},
    year = {2015},
    journal = {Sensors (Switzerland)},
    author = {Shieh, Wann Yun and Wang, Chin Man and Chang, Chia Shuo},
    number = {6},
    pages = {12428--12453},
    volume = {15},
    publisher = {MDPI AG},
    url = {/pmc/articles/PMC4507683/ /pmc/articles/PMC4507683/?report=abstract https://www.ncbi.nlm.nih.gov/pmc/articles/PMC4507683/},
    doi = {10.3390/s150612428},
    issn = {14248220},
    pmid = {26024414},
    keywords = {Dysphagia, FSR, Non-invasive detection, Respiration, Swallowing, Thyroid cartilage motion}
}

@article{Shirafuji2014DevelopmentHand,
    title = {{Development of a tendon-driven robotic finger for an anthropomorphic robotic hand}},
    year = {2014},
    journal = {International Journal of Robotics Research},
    author = {Shirafuji, Shouhei and Ikemoto, Shuhei and Hosoda, Koh},
    number = {5},
    pages = {677--693},
    volume = {33},
    doi = {10.1177/0278364913518357},
    issn = {17413176},
    keywords = {Anthropomorphic robotic hand design, humanoid hand, tendon-driven robotic finger}
}

@article{Kargov2005DevelopmentRobot,
    title = {{Development of an anthropomorphic hand for a mobile assistive robot}},
    year = {2005},
    journal = {Proceedings of the 2005 IEEE 9th International Conference on Rehabilitation Robotics},
    author = {Kargov, A. and Asfour, T. and Pylatiuk, C. and Oberle, R. and Klosek, H. and Schulz, S. and Regenstein, K. and Bretthauer, G. and Dillman, R.},
    pages = {182--186},
    volume = {2005},
    publisher = {IEEE},
    isbn = {0780390032},
    doi = {10.1109/ICORR.2005.1501080}
}

@article{Wei2018DevelopmentSimulation,
    title = {{Development of capacitive sensor for automatically measuring tumbler water level with FEA simulation}},
    year = {2018},
    journal = {Technology and Health Care},
    author = {Wei, Qun and Kim, Mi Jung and Lee, Jong Ha},
    number = {S1},
    pages = {S491-S500},
    volume = {26},
    doi = {10.3233/THC-174794},
    issn = {09287329},
    pmid = {29758972},
    keywords = {3D modeling, Capacitive sensor, Compensation algorithm, FEA simulation, Water level}
}

@article{Melchiorri2013DevelopmentTechnologies,
    title = {{Development of the UB hand IV: Overview of design solutions and enabling technologies}},
    year = {2013},
    journal = {IEEE Robotics and Automation Magazine},
    author = {Melchiorri, Claudio and Palli, Gianluca and Berselli, Giovanni and Vassura, Gabriele},
    number = {3},
    pages = {72--81},
    volume = {20},
    publisher = {IEEE},
    doi = {10.1109/MRA.2012.2225471},
    issn = {10709932}
}

@article{Mishra2020DevelopmentModeling,
    title = {{Development of trajectory and force controllers for 3-joint string-tube actuated finger prosthesis based on bond graph modeling}},
    year = {2020},
    journal = {Mechanism and Machine Theory},
    author = {Mishra, Neeraj and Vaz, Anand},
    volume = {146},
    publisher = {Elsevier Ltd},
    doi = {10.1016/j.mechmachtheory.2019.103719},
    issn = {0094114X},
    keywords = {Bond graph, Force control, Hand prosthesis, Modeling, Simulation}
}

@article{Kawasaki2002DexterousII,
    title = {{Dexterous anthropomorphic robot hand with distributed tactile sensor: Gifu hand II}},
    year = {2002},
    journal = {IEEE/ASME Transactions on Mechatronics},
    author = {Kawasaki, Haruhisa and Komatsu, Tsuneo and Uchiyama, Kazunao},
    number = {3},
    pages = {296--303},
    volume = {7},
    publisher = {IEEE},
    doi = {10.1109/TMECH.2002.802720},
    issn = {10834435},
    keywords = {Force sensor, Hand, Humanoid, Multifinger, Robot, Tactile sensor}
}

@article{Taveira2018DiagnosticReview,
    title = {{Diagnostic validity of methods for assessment of swallowing sounds: a systematic review}},
    year = {2018},
    journal = {Brazilian Journal of Otorhinolaryngology},
    author = {Taveira, Karinna Veríssimo Meira and Santos, Rosane Sampaio and Le{\~{a}}o, Bianca Lopes Cavalcante de and Stechman Neto, José and Pernambuco, Leandro and Silva, Letícia Korb da and De Luca Canto, Graziela and Porporatti, André Luís},
    number = {5},
    pages = {638--652},
    volume = {84},
    publisher = {Associa{\c{c}}{\~{a}}o Brasileira de Otorrinolaringologia e Cirurgia C{\'{e}}rvico-Facial},
    url = {https://doi.org/10.1016/j.bjorl.2017.12.008},
    doi = {10.1016/j.bjorl.2017.12.008},
    issn = {18088686},
    pmid = {29456200},
    keywords = {Deglutition, Deglutition disorders, Diagnosis, Review}
}

@book{Gonzalez2002DigitalEdition,
    title = {{Digital image processing (2nd edition)}},
    year = {2002},
    author = {Gonzalez, R C and Woods, R E},
    isbn = {0201180758}
}

@article{Butterfab2001DLR-HandParts,
    title = {{DLR-Hand II : Next Generation of a Dextrous Robot Hand housing realized in stereolitography and vacuum mold ( fig . 2 ). This enables us to test the influence of dif ­ ferent shapes of the outer surfaces on grasping tasks without redesigning finger parts }},
    year = {2001},
    author = {Butterfab, J and Grebenstein, M and Liu, H and Hirzinger, G and De, J B},
    pages = {109--114},
    isbn = {0780364759}
}

@article{Ryew2001DoubleMotions,
    title = {{Double active universal joint (DAUJ): Robotic joint mechanism for humanlike motions}},
    year = {2001},
    journal = {IEEE Transactions on Robotics and Automation},
    author = {Ryew, Sungmoo and Choi, Hyoukryeol},
    number = {3},
    pages = {290--300},
    volume = {17},
    doi = {10.1109/70.938386},
    issn = {1042296X},
    keywords = {Anthropomorphic, Double active universal joint (DAUJ)}
}

@article{Song2020DynamicBearings,
    title = {{Dynamic characteristic prediction of a 5-DOF hybrid machine tool by using scale model considering the geometric distortion of bearings}},
    year = {2020},
    journal = {Mechanism and Machine Theory},
    author = {Song, Yuyao and Wu, Jun and Yu, Guang and Huang, Tian},
    pages = {103679},
    volume = {145},
    publisher = {Elsevier Ltd},
    url = {https://doi.org/10.1016/j.mechmachtheory.2019.103679},
    doi = {10.1016/j.mechmachtheory.2019.103679},
    issn = {0094114X},
    keywords = {Dynamic characteristics, Geometric distortion of bearings, Hybrid machine tool, Scale model, Scaling factor}
}

@article{Ouyang2020DynamicForce,
    title = {{Dynamic modelling and optimal design of a clutch actuator for heavy-duty automatic transmission considering flow force}},
    year = {2020},
    journal = {Mechanism and Machine Theory},
    author = {Ouyang, Tiancheng and Huang, Guicong and Li, Shuoyu and Chen, Jingxian and Chen, Nan},
    pages = {103716},
    volume = {145},
    publisher = {Elsevier Ltd},
    url = {https://doi.org/10.1016/j.mechmachtheory.2019.103716},
    doi = {10.1016/j.mechmachtheory.2019.103716},
    issn = {0094114X},
    keywords = {Artificial bee colony algorithm, Clutch actuator, Dynamic modelling, Heavy-duty automatic transmission, Optimal design}
}

@article{Gregorio2020EditorialBoard,
    title = {{Editorial Board}},
    year = {2020},
    journal = {Mechanism and Machine Theory},
    author = {Gregorio, R and Ding, H and Gao, F},
    pages = {103757},
    volume = {145},
    doi = {10.1016/s0094-114x(19)32363-8},
    issn = {0094114X}
}

@article{Perera2017EEG-controlledDetection,
    title = {{EEG-controlled meal assistance robot with camera-based automatic mouth position tracking and mouth open detection}},
    year = {2017},
    journal = {Proceedings - IEEE International Conference on Robotics and Automation},
    author = {Perera, Chamika Janith and Lalitharatne, Thilina Dulantha and Kiguchi, Kazuo},
    pages = {1760--1765},
    publisher = {IEEE},
    isbn = {9781509046331},
    doi = {10.1109/ICRA.2017.7989208},
    issn = {10504729}
}

@article{Briend2020EffectSystems,
    title = {{Effect of multi-frequency parametric excitations on the dynamics of on-board rotor-bearing systems}},
    year = {2020},
    journal = {Mechanism and Machine Theory},
    author = {Briend, Yvon and Dakel, Mzaki and Chatelet, Eric and Andrianoely, Marie Ange and Dufour, Régis and Baudin, Sophie},
    pages = {103660},
    volume = {145},
    publisher = {Elsevier Ltd},
    url = {https://doi.org/10.1016/j.mechmachtheory.2019.103660},
    doi = {10.1016/j.mechmachtheory.2019.103660},
    issn = {0094114X},
    keywords = {Dynamic instability, Finite element method, Hydrodynamic journal bearing, On-board rotor, Parametric excitation, Rotordynamics, Support motions}
}

@article{Liu2020EffectsReview,
    title = {{Effects of lubrication on gear performance: A review}},
    year = {2020},
    journal = {Mechanism and Machine Theory},
    author = {Liu, Heli and Liu, Huaiju and Zhu, Caichao and Parker, Robert G.},
    pages = {103701},
    volume = {145},
    publisher = {Elsevier Ltd},
    url = {https://doi.org/10.1016/j.mechmachtheory.2019.103701},
    doi = {10.1016/j.mechmachtheory.2019.103701},
    issn = {0094114X},
    keywords = {Contact fatigue, Dynamics, Efficiency, Gear lubrication}
}

@article{Kvrgic2020EfficientComputation,
    title = {{Efficient method for robot forward dynamics computation}},
    year = {2020},
    journal = {Mechanism and Machine Theory},
    author = {Kvrgic, Vladimir and Vidakovic, Jelena},
    pages = {103680},
    volume = {145},
    publisher = {Elsevier Ltd},
    url = {https://doi.org/10.1016/j.mechmachtheory.2019.103680},
    doi = {10.1016/j.mechmachtheory.2019.103680},
    issn = {0094114X},
    keywords = {Forward dynamics, Inverse dynamics, Recursive Newton–Euler algorithm, Robotics, Simulation system}
}

@book{WebsterElectricalSafety,
    title = {{Electrical Safety}},
    author = {Webster, John G and University of Wisconsin, Madison},
    isbn = {9780471676003}
}

@article{Atzori2014ElectromyographyProstheses,
    title = {{Electromyography data for non-invasive naturally-controlled robotic hand prostheses}},
    year = {2014},
    journal = {Scientific Data},
    author = {Atzori, Manfredo and Gijsberts, Arjan and Castellini, Claudio and Caputo, Barbara and Hager, Anne Gabrielle Mittaz and Elsig, Simone and Giatsidis, Giorgio and Bassetto, Franco and M{\"{u}}ller, Henning},
    pages = {1--13},
    volume = {1},
    doi = {10.1038/sdata.2014.53},
    issn = {20524463},
    pmid = {25977804}
}

@article{Garcia-Mateos2008EstimatingPoints,
    title = {{Estimating 3D facial pose in video with just three points}},
    year = {2008},
    journal = {2008 IEEE Computer Society Conference on Computer Vision and Pattern Recognition Workshops, CVPR Workshops},
    author = {Garcia-Mateos, Gines and Ruiz, Alberto and Lopez-de-Teruel, Pedro E. and Rodriguez, Antonio L. and Fernandez, Lorenzo},
    pages = {8--15},
    publisher = {IEEE},
    isbn = {9781424423408},
    doi = {10.1109/CVPRW.2008.4563050}
}

@article{Albulbul2016EvaluatingTechnology,
    title = {{Evaluating major electrode types for idle biological signal measurements for modern medical technology}},
    year = {2016},
    journal = {Bioengineering},
    author = {Albulbul, Anas},
    number = {3},
    volume = {3},
    doi = {10.3390/bioengineering3030020},
    issn = {23065354},
    keywords = {Biological signals, Electrode-skin impedance, Electrodes, Noise}
}

@article{Maheu2011EvaluationDisabilities,
    title = {{Evaluation of the JACO robotic arm: Clinico-economic study for powered wheelchair users with upper-extremity disabilities}},
    year = {2011},
    journal = {IEEE International Conference on Rehabilitation Robotics},
    author = {Maheu, Veronique and Archambault, Philippe S. and Frappier, Julie and Routhier, François},
    pages = {4--6},
    isbn = {9781424498628},
    doi = {10.1109/ICORR.2011.5975397},
    issn = {19457898},
    pmid = {22275600},
    keywords = {Robotic device, clinical evaluation, physical disability, upper limb}
}

@misc{EyePyImageSearch,
    title = {{Eye blink detection with OpenCV, Python, and dlib - PyImageSearch}},
    url = {https://www.pyimagesearch.com/2017/04/24/eye-blink-detection-opencv-python-dlib/}
}

@article{Zhu2012FaceRecognition,
    title = {{Face detection, pose estimation, and landmark localization in the wild BT - Proc. of. Conf. on Computer Vision and Pattern Recognition}},
    year = {2012},
    journal = {2012 IEEE Conference on Computer Vision and Pattern Recognition},
    author = {Zhu, X and Ramanan, D}
}

@article{Shafi2010FaceMouth,
    title = {{Face pose estimation from eyes and mouth}},
    year = {2010},
    journal = {International Journal of Advanced Mechatronic Systems},
    author = {Shafi, M. and Chung, P. W.H.},
    number = {1-2},
    pages = {132--138},
    volume = {2},
    doi = {10.1504/IJAMechS.2010.030857},
    issn = {17568420},
    keywords = {eyes, human-computer interaction, mouth, pose estimation, pose-independent face recognition}
}

@article{Khabarlak2021FastSurvey,
    title = {{Fast Facial Landmark Detection and Applications: A Survey}},
    year = {2021},
    author = {Khabarlak, Kostiantyn and Koriashkina, Larysa},
    number = {January},
    url = {http://arxiv.org/abs/2101.10808},
    doi = {10.13140/RG.2.2.32735.07847/1},
    arxivId = {2101.10808},
    keywords = {computer vision, driver status monitoring, face recognition, face reenactment, facial landmarks, mobile applications, neural networks, survey}
}

@article{Khabarlak2021FastSurveyb,
    title = {{Fast Facial Landmark Detection and Applications: A Survey}},
    year = {2021},
    author = {Khabarlak, Kostiantyn and Koriashkina, Larysa},
    number = {November 2020},
    url = {http://arxiv.org/abs/2101.10808},
    doi = {10.13140/RG.2.2.32735.07847/1},
    arxivId = {2101.10808},
    keywords = {computer vision, driver status monitoring, face recognition, face reenactment, facial landmarks, mobile applications, neural networks, survey}
}

@article{Enriquez2018FasterAlgorithm,
    title = {{Faster face detection using Convolutional Neural Networks {\&} the Viola-Jones algorithm}},
    year = {2018},
    author = {Enriquez, Karina},
    number = {May},
    keywords = {face recognition, privacy, social media}
}

@article{Wai2016GPUDetection,
    title = {{GPU acceleration of real time Viola-Jones face detection}},
    year = {2016},
    journal = {Proceedings - 5th IEEE International Conference on Control System, Computing and Engineering, ICCSCE 2015},
    author = {Wai, Adrian Wong Yoong and Tahir, Shahirina Mohd and Chang, Yoong Choon},
    number = {November},
    pages = {183--188},
    isbn = {9781479982523},
    doi = {10.1109/ICCSCE.2015.7482181},
    keywords = {CUDA, Face Detection, GPU Computing, OpenCV, Real Time, Viola-Jones}
}

@article{Jain2016GraspManipulation,
    title = {{Grasp detection for assistive robotic manipulation}},
    year = {2016},
    journal = {Proceedings - IEEE International Conference on Robotics and Automation},
    author = {Jain, Siddarth and Argall, Brenna},
    pages = {2015--2021},
    volume = {2016-June},
    publisher = {IEEE},
    isbn = {9781467380263},
    doi = {10.1109/ICRA.2016.7487348},
    issn = {10504729}
}

@article{Causey2003GuidelinesSystems,
    title = {{Guidelines for the design of robotic gripping systems}},
    year = {2003},
    journal = {Assembly Automation},
    author = {Causey, Greg},
    number = {1},
    pages = {18--28},
    volume = {23},
    doi = {10.1108/01445150310460033},
    issn = {01445154},
    keywords = {Design, Grippers, Handling, Parts, Robotics}
}

@article{Saeed2015HeadSensor,
    title = {{Head pose estimation on top of haar-like face detection: A study using the Kinect sensor}},
    year = {2015},
    journal = {Sensors (Switzerland)},
    author = {Saeed, Anwar and Al-Hamadi, Ayoub and Ghoneim, Ahmed},
    number = {9},
    pages = {20945--20966},
    volume = {15},
    doi = {10.3390/s150920945},
    issn = {14248220},
    pmid = {26343651},
    keywords = {Gabor filter, Head pose, Histogram of gradient, Kinect sensor, Local binary pattern, Regression, Support vector machine}
}

@article{MettingvanRijn1990High-qualityPractice,
    title = {{High-quality recording of bioelectric events - Part 1 Interference reduction, theory and practice}},
    year = {1990},
    journal = {Medical {\&} Biological Engineering {\&} Computing},
    author = {Metting van Rijn, A. C. and Peper, A. and Grimbergen, C. A.},
    number = {5},
    pages = {389--397},
    volume = {28},
    doi = {10.1007/BF02441961},
    issn = {01400118},
    pmid = {2277538},
    keywords = {Bioelectric recordings, Driven right leg, Guarding, Interference, Isolation}
}

@misc{Home,
    title = {{Home}},
    url = {https://theinteractivehand.worldsecuresystems.com/}
}

@article{Ockendon2017HowSloshing,
    title = {{How to mitigate sloshing∗}},
    year = {2017},
    journal = {SIAM Review},
    author = {Ockendon, H. and Ockendon, J. R.},
    number = {4},
    pages = {905--911},
    volume = {59},
    doi = {10.1137/16M1077787},
    issn = {00361445},
    keywords = {Forced oscillations, Resonance, Sloshing}
}

@misc{HowWindows,
    title = {{How to use OpenCV DNN Module with Nvidia GPU on Windows}},
    url = {https://learnopencv.com/how-to-use-opencv-dnn-module-with-nvidia-gpu-on-windows/}
}

@article{Ruiz2007HumanModels,
    title = {{Human Face Processing with 1 . 5D Models}},
    year = {2007},
    author = {Ruiz, Alberto},
    pages = {220--234},
    keywords = {1, 5d object models, cial feature location, fa-, face detection, face tracking, integral projections}
}

@article{Naik2018HumanImages,
    title = {{Human recognition from multi angular images}},
    year = {2018},
    author = {Naik, Rohan and Lad, Kalpesh},
    pages = {1--12},
    volume = {2},
    doi = {10.29007/cmts}
}

@article{IEC2004IECApplications,
    title = {{IEC 60601-1-10 Part 1-10: General requirements for basic safety and essential performance – Collateral standard: Requirements for medical electrical equipment and medical electrical systems used in home care applications}},
    year = {2004},
    author = {{IEC}}
}

@misc{IlluminanceLevel,
    title = {{Illuminance - Recommended Light Level}},
    url = {https://www.engineeringtoolbox.com/light-level-rooms-d_708.html}
}

@article{Kamarudin2019ImplementationPi,
    title = {{Implementation of haar cascade classifier and eye aspect ratio for driver drowsiness detection using raspberry Pi}},
    year = {2019},
    journal = {Universal Journal of Electrical and Electronic Engineering},
    author = {Kamarudin, Nora and Jumadi, Nur Anida and Mun, Ng Li and Keat, Ng Chun and Ching, Audrey Huong Kah and Mahmud, Wan Mahani Hafizah Wan and Morsin, Marlia and Mahmud, Farhanahani},
    number = {5},
    pages = {67--75},
    volume = {6},
    doi = {10.13189/ujeee.2019.061609},
    issn = {23323299},
    keywords = {Drowsiness, Eye aspect ratio, Haar cascade classifier, Open CV, Python, Raspberry pi}
}

@article{Vishnu2017IMUParkinsonism,
    title = {{IMU sensor based self stabilizing cup for elderly and parkinsonism}},
    year = {2017},
    journal = {2017 International Conference on Advances in Computing, Communications and Informatics, ICACCI 2017},
    author = {Vishnu, Vidya and Prabaharan, Poornachandran and Sujadevi, V. G. and Meher, Madhu Dharmana},
    pages = {2264--2269},
    volume = {2017-Janua},
    isbn = {9781509063673},
    doi = {10.1109/ICACCI.2017.8126183},
    keywords = {Accelerometer, DMP, Essential tremor, Gyroscope, Hand tremor, IMU, MEMS, Parkinson's diseases}
}

@article{Guo2020In-situRovers,
    title = {{In-situ evaluation of terrain mechanical parameters and wheel-terrain interactions using wheel-terrain contact mechanics for wheeled planetary rovers}},
    year = {2020},
    journal = {Mechanism and Machine Theory},
    author = {Guo, Junlong and Guo, Tianyou and Zhong, Ming and Gao, Haibo and Huang, Bo and Ding, Liang and Li, Weihua and Deng, Zongquan},
    pages = {103696},
    volume = {145},
    publisher = {Elsevier Ltd},
    url = {https://doi.org/10.1016/j.mechmachtheory.2019.103696},
    doi = {10.1016/j.mechmachtheory.2019.103696},
    issn = {0094114X},
    keywords = {In-situ evaluation of terrain parameters, In-situ evaluation of wheel-terrain interactions, New reference of wheel sinkage, Wheeled planetary rover}
}

@article{Zhou2020InfluenceMechanism,
    title = {{Influence of flexible spherical joints parameters on accuracy of the six-axis force/torque sensor with three-three orthogonal parallel mechanism}},
    year = {2020},
    journal = {Mechanism and Machine Theory},
    author = {Zhou, Songlin and Sun, Jing and Gao, Feng},
    pages = {103697},
    volume = {145},
    publisher = {Elsevier Ltd},
    url = {https://doi.org/10.1016/j.mechmachtheory.2019.103697},
    doi = {10.1016/j.mechmachtheory.2019.103697},
    issn = {0094114X},
    keywords = {Flexible spherical joints, Force mapping matrix, Force/torque sensor, Six-axis, Stiffness matrix}
}

@article{Turner2015InstabilityOscillations,
    title = {{Instability of sloshing motion in a vessel undergoing pivoted oscillations}},
    year = {2015},
    journal = {Journal of Fluids and Structures},
    author = {Turner, M. R. and Alemi Ardakani, H. and Bridges, T. J.},
    pages = {166--180},
    volume = {52},
    publisher = {Elsevier},
    url = {http://dx.doi.org/10.1016/j.jfluidstructs.2014.10.012},
    doi = {10.1016/j.jfluidstructs.2014.10.012},
    issn = {10958622},
    keywords = {Homoclinic, Instability, Oscillations, Pivoted, Sloshing}
}

@article{Aribowo2015IntegratedArm,
    title = {{Integrated Trajectory Planning and Sloshing Suppression for Three-Dimensional Motion of Liquid Container Transfer Robot Arm}},
    year = {2015},
    author = {Aribowo, Wisnu and Yamashita, Takahito and Terashima, Kazuhiko},
    url = {http://dx.doi.org/10.1155/2015/279460},
    doi = {10.1155/2015/279460}
}

@article{Li2019IntuitiveFeedback,
    title = {{Intuitive Control of a Robotic Arm and Hand System with Pneumatic Haptic Feedback}},
    year = {2019},
    journal = {IEEE Robotics and Automation Letters},
    author = {Li, Sihui and Rameshwar, Raagini and Votta, Ann Marie and Onal, Cagdas D.},
    number = {4},
    pages = {4424--4430},
    volume = {4},
    publisher = {IEEE},
    doi = {10.1109/LRA.2019.2937483},
    issn = {23773766},
    keywords = {Soft robot applications, haptics and haptic interfaces, telerobotics and teleoperation}
}

@article{Bhattacharjee2020IsFeeding,
    title = {{Is more autonomy always better? Exploring preferences of users with mobility impairments in robot-assisted feeding}},
    year = {2020},
    journal = {ACM/IEEE International Conference on Human-Robot Interaction},
    author = {Bhattacharjee, Tapomayukh and Gordon, Ethan K. and Scalise, Rosario and Cabrera, Maria E. and Caspi, Anat and Cakmak, Maya and Srinivasa, Siddhartha S.},
    pages = {181--190},
    isbn = {9781450367462},
    doi = {10.1145/3319502.3374818},
    issn = {21672148},
    keywords = {Assistive Feeding, Assistive Robotics}
}

@article{Zhang2016JointNetworks,
    title = {{Joint Face Detection and Alignment Using Multitask Cascaded Convolutional Networks}},
    year = {2016},
    journal = {IEEE Signal Processing Letters},
    author = {Zhang, Kaipeng and Zhang, Zhanpeng and Li, Zhifeng and Qiao, Yu},
    number = {10},
    pages = {1499--1503},
    volume = {23},
    publisher = {IEEE},
    isbn = {2015092516474},
    doi = {10.1109/LSP.2016.2603342},
    issn = {10709908},
    arxivId = {1604.02878},
    keywords = {Cascaded convolutional neural network (CNN), face alignment, face detection}
}

@article{Lee2017KITECH-Hand:Hand,
    title = {{KITECH-Hand: A Highly Dexterous and Modularized Robotic Hand}},
    year = {2017},
    journal = {IEEE/ASME Transactions on Mechatronics},
    author = {Lee, Dong Hyuk and Park, Jae Han and Park, Sung Woo and Baeg, Moon Hong and Bae, Ji Hun},
    number = {2},
    pages = {876--887},
    volume = {22},
    publisher = {IEEE},
    doi = {10.1109/TMECH.2016.2634602},
    issn = {10834435},
    keywords = {Dexterous manipulation, robot hand, thumb opposability}
}

@misc{SceinceDirectMacroshockOverview,
    title = {{Macroshock - an overview}},
    author = {{Sceince Direct}},
    url = {https://www-sciencedirect-com.uplib.idm.oclc.org/topics/biochemistry-genetics-and-molecular-biology/macroshock}
}

@article{Meng2020MeshingPair,
    title = {{Meshing theory and error sensitivity of mismatched conical surface enveloping conical worm pair}},
    year = {2020},
    journal = {Mechanism and Machine Theory},
    author = {Meng, Qingxiang and Zhao, Yaping and Yang, Zaiyou and Cui, Jian},
    pages = {103681},
    volume = {145},
    publisher = {Elsevier Ltd},
    url = {https://doi.org/10.1016/j.mechmachtheory.2019.103681},
    doi = {10.1016/j.mechmachtheory.2019.103681},
    issn = {0094114X},
    keywords = {Bearing contact pattern, Error curve, Error sensitivity, Mismatched enveloping conical worm pair, Point-contact}
}

@article{Yang2020MobileOctahedron,
    title = {{Mobile assembly of two Bennett linkages and its application to transformation between cuboctahedron and octahedron}},
    year = {2020},
    journal = {Mechanism and Machine Theory},
    author = {Yang, Fufu and You, Zhong and Chen, Yan},
    volume = {145},
    publisher = {Elsevier Ltd},
    doi = {10.1016/j.mechmachtheory.2019.103698},
    issn = {0094114X},
    keywords = {Bennett linkage, Cuboctahedron, Mobile assembly, Octahedron, Polyhedral linkage}
}

@article{Yano2002MotionPath,
    title = {{Motion control of liquid container considering an inclined transfer path}},
    year = {2002},
    journal = {Control Engineering Practice},
    author = {Yano, Ken'ichi and Higashikawa, Shimpei and Terashima, Kazuhiko},
    number = {4},
    pages = {465--472},
    volume = {10},
    doi = {10.1016/S0967-0661(01)00107-1},
    issn = {09670661},
    keywords = {Control applications, Factory automation, H⊥ control, Manufacturing processes, Modelling, Process control}
}

@article{Liu2020MultiobjectiveTransmission,
    title = {{Multiobjective gearshift optimization with Legendre pseudospectral method for seamless two-speed transmission}},
    year = {2020},
    journal = {Mechanism and Machine Theory},
    author = {Liu, Yanwei and Lin, Ziyue and Zhao, Kegang and Ye, Jie and Huang, Xiangdong},
    pages = {103682},
    volume = {145},
    publisher = {Elsevier Ltd},
    url = {https://doi.org/10.1016/j.mechmachtheory.2019.103682},
    doi = {10.1016/j.mechmachtheory.2019.103682},
    issn = {0094114X},
    keywords = {Electric vehicles, Gearshift, Multiobjective optimization, Pareto set, Two-speed transmission}
}

@article{12344572021NoTitle,
    title = {{No 主観的健康感を中心とした在宅高齢者における 健康関連指標に関する共分散構造分析Title}},
    year = {2021},
    author = {{1234457}},
    number = {12},
    pages = {6},
    volume = {27}
}

@misc{NON-INVASIVESWALLOWING,
    title = {{NON-INVASIVE MONITORING OF REFLEXIVE SWALLOWING}},
    url = {https://www.phon.ucl.ac.uk/home/shl10/firmfour/swallow.htm}
}

@article{Li2020Non-parallelDiagnosis,
    title = {{Non-parallel least squares support matrix machine for rolling bearing fault diagnosis}},
    year = {2020},
    journal = {Mechanism and Machine Theory},
    author = {Li, Xin and Yang, Yu and Pan, Haiyang and Cheng, Jian and Cheng, Junsheng},
    pages = {103676},
    volume = {145},
    publisher = {Elsevier Ltd},
    url = {https://doi.org/10.1016/j.mechmachtheory.2019.103676},
    doi = {10.1016/j.mechmachtheory.2019.103676},
    issn = {0094114X},
    keywords = {Alternating direction method of multipliers method, Fault diagnosis, Non-parallel least squares support matrix machine, Non-parallel support vector machine, Rolling bearing}
}

@article{Yang2020NonlinearUndercutting,
    title = {{Nonlinear dynamic analysis of a cycloidal ball planetary transmission considering tooth undercutting}},
    year = {2020},
    journal = {Mechanism and Machine Theory},
    author = {Yang, Ronggang and Li, Fengping and Zhou, Yuqing and Xiang, Jiawei},
    pages = {103694},
    volume = {145},
    publisher = {Elsevier Ltd},
    url = {https://doi.org/10.1016/j.mechmachtheory.2019.103694},
    doi = {10.1016/j.mechmachtheory.2019.103694},
    issn = {0094114X},
    keywords = {Chaos and bifurcation, Cycloidal ball planetary transmission, Nonlinear dynamic, Rotating machinery, Tooth undercutting}
}

@article{Song2012NovelSelf-Feeding,
    title = {{Novel Assistive Robot for Self-Feeding}},
    year = {2012},
    journal = {Robotic Systems - Applications, Control and Programming},
    author = {Song, Won-Kyung and Kim, Jongbae},
    number = {May},
    isbn = {9781461443797},
    doi = {10.5772/25756}
}

@article{Canizares2017OnArm,
    title = {{On the use of 3D printing technology towards the development of a low-cost robotic prosthetic arm}},
    year = {2017},
    journal = {2017 IEEE International Autumn Meeting on Power, Electronics and Computing, ROPEC 2017},
    author = {Canizares, Alejandro and Pazos, Jean and Benitez, Diego},
    number = {Ropec},
    pages = {1--6},
    volume = {2018-Janua},
    isbn = {9781538608197},
    doi = {10.1109/ROPEC.2017.8261579},
    keywords = {3D-printable, Bionic Arm, EMG, Low Cost Prosthesis, Myoelectric Sensor, Prosthesis, Prosthetic Arm}
}

@article{Kazemi2014OneTrees,
    title = {{One millisecond face alignment with an ensemble of regression trees}},
    year = {2014},
    journal = {Proceedings of the IEEE Computer Society Conference on Computer Vision and Pattern Recognition},
    author = {Kazemi, Vahid and Sullivan, Josephine},
    pages = {1867--1874},
    publisher = {IEEE},
    isbn = {9781479951178},
    doi = {10.1109/CVPR.2014.241},
    issn = {10636919},
    keywords = {Decision Trees, Face Alignment, Gradient Boosting, Real-Time}
}

@book{Howse2014OpenCVAgents,
    title = {{OpenCV for Secret Agents}},
    year = {2014},
    author = {Howse, Joseph},
    pages = {265},
    url = {http://www.amazon.com/OpenCV-Secret-Agents-Joseph-Howse/dp/1783287373/ref=sr_1_9?s=books&ie=UTF8&qid=1415059357&sr=1-9&keywords=opencv},
    isbn = {9781783287376}
}

@article{Zhang2020OptimizationRobot,
    title = {{Optimization and implementation of a high-speed 3-DOFs translational cable-driven parallel robot}},
    year = {2020},
    journal = {Mechanism and Machine Theory},
    author = {Zhang, Zhaokun and Shao, Zhufeng and Wang, Liping},
    pages = {103693},
    volume = {145},
    publisher = {Elsevier Ltd},
    url = {https://doi.org/10.1016/j.mechmachtheory.2019.103693},
    doi = {10.1016/j.mechmachtheory.2019.103693},
    issn = {0094114X},
    keywords = {Cable-driven parallel robot, Experiments, Force transmission, Matrix orthogonal degree, Optimization}
}

@article{Dixo2007PerceptionAdults,
    title = {{Perception of self-efficacy and rehabiltation among neurologically disabled adults}},
    year = {2007},
    journal = {Clinical Rehabilitation},
    author = {Dixo, Guy and Thornton, Everard W. and Young, Carolyn A.},
    number = {3},
    month = {3},
    pages = {230--240},
    volume = {21},
    publisher = {Sage PublicationsSage CA: Thousand Oaks, CA},
    url = {http://journals.sagepub.com/doi/10.1177/0269215506071784},
    doi = {10.1177/0269215506071784},
    issn = {02692155},
    pmid = {17329280}
}

@article{Schulz2008PhysicalCaregiving,
    title = {{Physical and mental health effects of family caregiving}},
    year = {2008},
    journal = {American Journal of Nursing},
    author = {Schulz, Richard and Sherwood, Paula R.},
    number = {9 SUPPL.},
    month = {9},
    pages = {23--27},
    volume = {108},
    publisher = {NIH Public Access},
    url = {/pmc/articles/PMC2791523/ /pmc/articles/PMC2791523/?report=abstract https://www.ncbi.nlm.nih.gov/pmc/articles/PMC2791523/},
    doi = {10.1097/01.NAJ.0000336406.45248.4c},
    issn = {0002936X},
    pmid = {18797217}
}

@article{Rossi2017PreliminaryHand,
    title = {{Preliminary results toward a naturally controlled multi-synergistic prosthetic hand}},
    year = {2017},
    journal = {IEEE International Conference on Rehabilitation Robotics},
    author = {Rossi, Matteo and Della Santina, Cosimo and Piazza, Cristina and Grioli, Giorgio and Catalano, Manuel and Biechi, Antonio},
    pages = {1356--1363},
    isbn = {9781538622964},
    doi = {10.1109/ICORR.2017.8009437},
    issn = {19457901},
    pmid = {28814009}
}

@article{Wada2003PsychologicalAged,
    title = {{Psychological, physiological and social effects to elderly people by robot assisted activity at a health service facility for the aged}},
    year = {2003},
    journal = {IEEE/ASME International Conference on Advanced Intelligent Mechatronics, AIM},
    author = {Wada, K. and Shibata, T. and Saito, T. and Tanie, K.},
    number = {October},
    pages = {272--277},
    volume = {1},
    isbn = {0780377591},
    doi = {10.1109/AIM.2003.1225107},
    keywords = {Aging, Animals, Humans, Intelligent robots, Medical services, Medical treatment, Psychology, Rehabilitation robotics, Seals, Senior citizens}
}

@misc{Hammell2007QualityFindings,
    title = {{Quality of life after spinal cord injury: A meta-synthesis of qualitative findings}},
    year = {2007},
    booktitle = {Spinal Cord},
    author = {Hammell, K. Whalley},
    number = {2},
    month = {2},
    pages = {124--139},
    volume = {45},
    publisher = {Nature Publishing Group},
    url = {www.nature.com/sc},
    doi = {10.1038/sj.sc.3101992},
    issn = {13624393},
    pmid = {17091119},
    keywords = {Meta-synthesis, Qualitative research, Quality of life, Rehabilitation outcomes, Spinal cord injury}
}

@article{Cech2016Real-TimeLandmarks,
    title = {{Real-Time Eye Blink Detection using Facial Landmarks}},
    year = {2016},
    journal = {Center for Machine Perception, Department of Cybernetics Faculty of Electrical Engineering, Czech Technical University in Prague},
    author = {Cech, Jan and Soukupova, Tereza},
    pages = {1 - 8},
    isbn = {9780804736329},
    issn = {1098-6596},
    pmid = {25246403},
    arxivId = {arXiv:1011.1669v3}
}

@article{Saito2003RelationshipElderly,
    title = {{Relationship between interaction with the mental commit robot and change of stress reaction of the elderly}},
    year = {2003},
    journal = {Proceedings of IEEE International Symposium on Computational Intelligence in Robotics and Automation, CIRA},
    author = {Saito, T. and Shibata, T. and Wada, K. and Tanie, K.},
    pages = {119--124},
    volume = {1},
    isbn = {0780378660},
    doi = {10.1109/CIRA.2003.1222074}
}

@article{Mondal2020ReviewTechniques,
    title = {{Review and Comparison of Face Detection Techniques}},
    year = {2020},
    journal = {Advances in Intelligent Systems and Computing},
    author = {Mondal, Sudipto Kumar and Mukhopadhyay, Indraneel and Dutta, Supreme},
    pages = {3--14},
    volume = {1065},
    publisher = {IEEE},
    isbn = {9789811503603},
    doi = {10.1007/978-981-15-0361-0{\_}1},
    issn = {21945365},
    keywords = {Face detection, Haar cascade classifier, Local Binary Pattern cascade classifier, Support Vector Machine-based face detection}
}

@book{Hanafusa1982RobotControl.,
    title = {{Robot Mechanics and Control.}},
    year = {1982},
    booktitle = {Nippon Kikai Gakkai Ronbunshu, C Hen/Transactions of the Japan Society of Mechanical Engineers, Part C},
    author = {Hanafusa, Hideo},
    number = {435},
    pages = {1663--1668},
    volume = {48},
    isbn = {9781107156302},
    doi = {10.1299/kikaic.48.1663},
    issn = {03875024}
}

@book{Spong2006RobotControl,
    title = {{Robot modeling and control}},
    year = {2006},
    booktitle = {IEEE Control Systems},
    author = {Spong, Mark W. and Hutchinson, Seth and Vidyasagar, M.},
    number = {6},
    pages = {113--115},
    volume = {26},
    isbn = {9781119523994},
    doi = {10.1109/MCS.2006.252815},
    issn = {1066033X}
}

@article{Rhodes2018Robot-drivenTasks,
    title = {{Robot-driven Trajectory Improvement for Feeding Tasks}},
    year = {2018},
    journal = {IEEE International Conference on Intelligent Robots and Systems},
    author = {Rhodes, Travers and Veloso, Manuela},
    pages = {2991--2996},
    isbn = {9781538680940},
    doi = {10.1109/IROS.2018.8593525},
    issn = {21530866}
}

@article{Haidar2019RoboticRFDP,
    title = {{Robotic Feeder for Disabled People (RFDP)}},
    year = {2019},
    journal = {International Conference on Advances in Biomedical Engineering, ICABME},
    author = {Haidar, Gaby Abou and Moussawi, Hasan and Saad, Georgio Abou and Chalhoub, Abbas},
    pages = {2019--2022},
    volume = {2019-Octob},
    publisher = {IEEE},
    isbn = {9781728123141},
    doi = {10.1109/ICABME47164.2019.8940159},
    issn = {23775696},
    keywords = {Robotics, camera, disability, eye blinking}
}

@article{Kashef2020RoboticCriteria,
    title = {{Robotic hand: A review on linkage-driven finger mechanisms of prosthetic hands and evaluation of the performance criteria}},
    year = {2020},
    journal = {Mechanism and Machine Theory},
    author = {Kashef, S. Reza and Amini, Samane and Akbarzadeh, Alireza},
    pages = {103677},
    volume = {145},
    publisher = {Elsevier Ltd},
    url = {https://doi.org/10.1016/j.mechmachtheory.2019.103677},
    doi = {10.1016/j.mechmachtheory.2019.103677},
    issn = {0094114X},
    keywords = {Artificial finger mechanism, Linkage-driven prosthesis, Performance criterion, Prosthetic hand, Under-actuated mechanism}
}

@article{Kashef2020RoboticCriteriab,
    title = {{Robotic hand: A review on linkage-driven finger mechanisms of prosthetic hands and evaluation of the performance criteria}},
    year = {2020},
    journal = {Mechanism and Machine Theory},
    author = {Kashef, S. Reza and Amini, Samane and Akbarzadeh, Alireza},
    pages = {103677},
    volume = {145},
    publisher = {Elsevier Ltd},
    url = {https://doi.org/10.1016/j.mechmachtheory.2019.103677},
    doi = {10.1016/j.mechmachtheory.2019.103677},
    issn = {0094114X},
    keywords = {Artificial finger mechanism, Linkage-driven prosthesis, Performance criterion, Prosthetic hand, Under-actuated mechanism}
}

@article{Graf2009RoboticPlatform,
    title = {{Robotic home assistant care-O-bot{\textregistered} 3 - Product vision and innovation platform}},
    year = {2009},
    journal = {Proceedings of IEEE Workshop on Advanced Robotics and its Social Impacts, ARSO},
    author = {Graf, Birgit and Reiser, Ulrich and H{\"{a}}gele, Martin and Mauz, Kathrin and Klein, Peter},
    pages = {139--144},
    isbn = {9781424443949},
    doi = {10.1109/ARSO.2009.5587059},
    issn = {21627568}
}

@article{Yano2001RobustSuppression,
    title = {{Robust liquid container transfer control for complete sloshing suppression}},
    year = {2001},
    journal = {IEEE Transactions on Control Systems Technology},
    author = {Yano, Ke N.Ichi and Terashima, Kazuhiko},
    number = {3},
    pages = {483--493},
    volume = {9},
    doi = {10.1109/87.918901},
    issn = {10636536},
    keywords = {Casting process, H ∞ control, Liquid container transfer, Manufacturing automation, Optimization methods, Robustness, Sloshing}
}

@article{Viola2004RobustDetection,
    title = {{Robust Real-Time Face Detection}},
    year = {2004},
    journal = {International Journal of Computer Vision},
    author = {Viola, Paul and Jones, Michael J},
    number = {2},
    pages = {137--154},
    volume = {57},
    url = {https://doi.org/10.1023/B:VISI.0000013087.49260.fb},
    doi = {10.1023/B:VISI.0000013087.49260.fb},
    issn = {1573-1405}
}

@article{Tzamtzi2008RobustnessTransfer,
    title = {{Robustness of a robot control scheme for liquid transfer}},
    year = {2008},
    journal = {Novel Algorithms and Techniques in Telecommunications, Automation and Industrial Electronics},
    author = {Tzamtzi, M. P. and Koumboulis, F. N.},
    pages = {154--161},
    isbn = {9781402087363},
    doi = {10.1007/978-1-4020-8737-0{\_}28}
}

@article{Fattal2019SAMStudy,
    title = {{SAM, an Assistive Robotic Device Dedicated to Helping Persons with Quadriplegia: Usability Study}},
    year = {2019},
    journal = {International Journal of Social Robotics},
    author = {Fattal, Charles and Leynaert, Violaine and Laffont, Isabelle and Baillet, Axelle and Enjalbert, Michel and Leroux, Christophe},
    number = {1},
    pages = {89--103},
    volume = {11},
    publisher = {Springer Netherlands},
    url = {https://doi.org/10.1007/s12369-018-0482-7},
    doi = {10.1007/s12369-018-0482-7},
    issn = {18754805},
    keywords = {Acceptability, Disability, Human machine interface, Quadriplegia, Robotics, Usability}
}

@article{Qiao2019Self-adaptiveFinger,
    title = {{Self-adaptive grasp process and equilibrium configuration analysis of a 3-DOF UACT robotic finger}},
    year = {2019},
    journal = {Mechanism and Machine Theory},
    author = {Qiao, Shangling and Guo, Hongwei and Liu, Rongqiang and Deng, Zongquan},
    pages = {250--266},
    volume = {133},
    publisher = {Elsevier Ltd},
    url = {https://doi.org/10.1016/j.mechmachtheory.2018.11.020},
    doi = {10.1016/j.mechmachtheory.2018.11.020},
    issn = {0094114X},
    keywords = {Cable-driven finger, Equilibrium configuration, Grasp process, Self-adaptive grasp, Underactuated}
}

@article{Sun2020SimilarityChains,
    title = {{Similarity recognition and isomorphism identification of planar kinematic chains}},
    year = {2020},
    journal = {Mechanism and Machine Theory},
    author = {Sun, Liang and Cui, Rongjiang and Ye, Zhizheng and Zhou, Yuzhu and Xu, Yadan},
    pages = {103678},
    volume = {145},
    publisher = {Elsevier Ltd},
    url = {https://doi.org/10.1016/j.mechmachtheory.2019.103678},
    doi = {10.1016/j.mechmachtheory.2019.103678},
    issn = {0094-114X},
    keywords = {Kinematic chain,Similarity recognition,Isomorphism}
}

@article{Hannan2009SimulationDesign,
    title = {{Simulation and animation of coffee sloshing in a cup; A testbed for control design}},
    year = {2009},
    journal = {Proceedings of the Annual Southeastern Symposium on System Theory},
    author = {Hannan, Michael R. and Johnson, C. D.},
    pages = {317--318},
    publisher = {IEEE},
    isbn = {9781424433254},
    keywords = {Animation, Controls education, Disturbance-accommodation, Disturbanceobserver, Dual-mode control, GUI, LQR, Simulink}
}

@article{Jayatilake2015Smartphone-BasedSound,
    title = {{Smartphone-Based Real-time Assessment of Swallowing Ability from the Swallowing Sound}},
    year = {2015},
    journal = {IEEE Journal of Translational Engineering in Health and Medicine},
    author = {Jayatilake, Dushyantha and Ueno, Tomoyuki and Teramoto, Yohei and Nakai, Kei and Hidaka, Kikue and Ayuzawa, Satoshi and Eguchi, Kiyoshi and Matsumura, Akira and Suzuki, Kenji},
    number = {November},
    pages = {1--10},
    volume = {3},
    publisher = {IEEE},
    doi = {10.1109/JTEHM.2015.2500562},
    issn = {21682372},
    keywords = {Bedside monitoring, Cervical auscultation, Dysphagia, Realtime monitoring, Screening, Swallowing sound, Videofluoroscopy, mHealth}
}

@book{Siciliano2016SpringerRobotics,
    title = {{Springer handbook of robotics}},
    year = {2016},
    booktitle = {Springer Handbook of Robotics},
    author = {Siciliano, Bruno and Khatib, Oussama},
    pages = {1--2227},
    isbn = {9783319325521},
    doi = {10.1007/978-3-319-32552-1},
    keywords = {Basic principles and methods of robotics, Biologically-inspired robots, Human-robot interaction, Industrial robotics, Life-like robotics, Manipulation and interfaces of robots, Mobile and distributed robotics, Roboethics, Robot structures, Robotics, Robotics foundations, Sensing and perception of robots, Springer handbook of robotics}
}

@article{Bajaj2019StateDesign,
    title = {{State of the Art in Artificial Wrists: A Review of Prosthetic and Robotic Wrist Design}},
    year = {2019},
    journal = {IEEE Transactions on Robotics},
    author = {Bajaj, Neil M. and Spiers, Adam J. and Dollar, Aaron M.},
    number = {1},
    pages = {261--277},
    volume = {35},
    publisher = {IEEE},
    doi = {10.1109/TRO.2018.2865890},
    issn = {15523098},
    keywords = {Amputee, commercial, design, mechanism, parallel, prosthetic, review, robot, serial, wrist}
}

@article{Huang2020StructuralDatabases,
    title = {{Structural synthesis of Assur groups with up to 12 links and creation of their classified databases}},
    year = {2020},
    journal = {Mechanism and Machine Theory},
    author = {Huang, Peng and Ding, Huafeng},
    pages = {103668},
    volume = {145},
    publisher = {Elsevier Ltd},
    url = {https://doi.org/10.1016/j.mechmachtheory.2019.103668},
    doi = {10.1016/j.mechmachtheory.2019.103668},
    issn = {0094-114X},
    keywords = {Assur groups,Structural synthesis,Baranov trusses,}
}

@article{Castellini2009SurfaceProsthetics,
    title = {{Surface EMG in advanced hand prosthetics}},
    year = {2009},
    journal = {Biological Cybernetics},
    author = {Castellini, Claudio and Van Der Smagt, Patrick},
    number = {1},
    pages = {35--47},
    volume = {100},
    doi = {10.1007/s00422-008-0278-1},
    issn = {03401200},
    pmid = {19015872},
    keywords = {Learning and adaptive systems, Physical human-robot interaction, Rehabilitation robotics}
}

@article{Ryu2010T-less:Sensing,
    title = {{T-less: A novel touchless human-machine interface based on infrared proximity sensing}},
    year = {2010},
    journal = {IEEE/RSJ 2010 International Conference on Intelligent Robots and Systems, IROS 2010 - Conference Proceedings},
    author = {Ryu, Dongseok and Um, Dugan and Tanofsky, Philip and Koh, Do Hyong and Ryu, Young Sam and Kang, Sungchul},
    pages = {5220--5225},
    publisher = {IEEE},
    isbn = {9781424466757},
    doi = {10.1109/IROS.2010.5649433}
}

@article{Deshpande2013TestbedHand,
    title = {{Testbed Hand}},
    year = {2013},
    author = {Deshpande, Ashish D and Xu, Zhe and Weghe, Michael J Vande and Brown, Benjamin H and Ko, Jonathan and Chang, Lillian Y and Wilkinson, David D and Bidic, Sean M and Matsuoka, Yoky},
    number = {1},
    pages = {238--250},
    volume = {18},
    publisher = {IEEE}
}

@article{Wei2011TheSets,
    title = {{The design of a wireless flexible capacitive sensor detection system to detect liquid level in plastic bag intravenous drip sets}},
    year = {2011},
    journal = {Biomedical Engineering Letters},
    author = {Wei, Qun and Lee, Jyung Hyun and Seong, Ki Woong and Kim, Myoung Nam and Cho, Jin Ho},
    number = {4},
    pages = {247--253},
    volume = {1},
    doi = {10.1007/s13534-011-0040-9},
    issn = {20939868},
    keywords = {Flexible capacitive sensor, Plastic bag intravenous drip set, Wireless detection system}
}

@article{Carrozza2002TheResults,
    title = {{The development of a novel prosthetic hand - Ongoing research and preliminary results}},
    year = {2002},
    journal = {IEEE/ASME Transactions on Mechatronics},
    author = {Carrozza, M. C. and Massa, B. and Micera, S. and Lazzarini, R. and Zecca, M. and Dario, P.},
    number = {2},
    pages = {108--114},
    volume = {7},
    publisher = {IEEE},
    doi = {10.1109/TMECH.2002.1011247},
    issn = {10834435},
    keywords = {Biomechatronics, Cybernetic hand, Neural interface, Prosthetic hand}
}

@article{DiFlumeri2019TheUsability,
    title = {{The dry revolution: Evaluation of three different eeg dry electrode types in terms of signal spectral features, mental states classification and usability}},
    year = {2019},
    journal = {Sensors (Switzerland)},
    author = {Di Flumeri, Gianluca and Aric{\`{o}}, Pietro and Borghini, Gianluca and Sciaraffa, Nicolina and Di Florio, Antonello and Babiloni, Fabio},
    number = {6},
    pages = {1--21},
    volume = {19},
    doi = {10.3390/s19061365},
    issn = {14248220},
    pmid = {30893791},
    keywords = {Brain activity, Dry electrodes, Electroencephalography, Frequency domain, Machine-learning, Mental workload, Power spectral density, Wearable devices, Wet electrodes}
}

@misc{TheEthics,
    title = {{The ethics of self-experimentation | COPE: Committee on Publication Ethics}},
    url = {https://publicationethics.org/case/ethics-self-experimentation}
}

@article{Choi2012TheProgress,
    title = {{The SKKU hand: Work in progress}},
    year = {2012},
    journal = {2012 9th International Conference on Ubiquitous Robots and Ambient Intelligence, URAI 2012},
    author = {Choi, Dongmin and Shin, Seunghoon and Koo, Ja Choon and Choi, Hyouk Ryeol and Moon, Hyungpil},
    pages = {437--438},
    publisher = {IEEE},
    isbn = {9781467331104},
    doi = {10.1109/URAI.2012.6463033},
    keywords = {Impedance Control, Multifingered Robotic Hand}
}

@article{Chalon2010TheDesign,
    title = {{The thumb: Guidelines for a robotic design}},
    year = {2010},
    journal = {IEEE/RSJ 2010 International Conference on Intelligent Robots and Systems, IROS 2010 - Conference Proceedings},
    author = {Chalon, Maxime and Grebenstein, Markus and Wimb{\"{o}}ck, Thomas and Hirzinger, Gerd},
    pages = {5886--5893},
    isbn = {9781424466757},
    doi = {10.1109/IROS.2010.5650454}
}

@article{Aezinia2012ThreeSensors,
    title = {{Three dimensional touchless tracking of objects using integrated capacitive sensors}},
    year = {2012},
    journal = {IEEE Transactions on Consumer Electronics},
    author = {Aezinia, Fatemeh and Wang, Yifan and Bahreyni, Behraad},
    number = {3},
    pages = {886--890},
    volume = {58},
    publisher = {IEEE},
    doi = {10.1109/TCE.2012.6311332},
    issn = {00983063},
    keywords = {Capacitive sensors, Low power dissipation, Readout circuits, Touchless tracking}
}

@article{Carotenuto2012TouchlessUltrasounds,
    title = {{Touchless 3D gestural interface using coded ultrasounds}},
    year = {2012},
    journal = {IEEE International Ultrasonics Symposium, IUS},
    author = {Carotenuto, Riccardo and Tripodi, Pietro},
    pages = {146--149},
    publisher = {IEEE},
    isbn = {9781467345613},
    doi = {10.1109/ULTSYM.2012.0036},
    issn = {19485719},
    keywords = {airborne ultrasounds, localization algorithm, localization sensors, touchless gestural interface}
}

@article{DeLaBarre2009TouchlessChallenges,
    title = {{Touchless interaction-novel chances and challenges}},
    year = {2009},
    journal = {Lecture Notes in Computer Science (including subseries Lecture Notes in Artificial Intelligence and Lecture Notes in Bioinformatics)},
    author = {De La Barr{\'{e}}, René and Chojecki, Paul and Leiner, Ulrich and M{\"{u}}hlbach, Lothar and Ruschin, Detlef},
    number = {PART 2},
    pages = {161--169},
    volume = {5611 LNCS},
    isbn = {3642025765},
    doi = {10.1007/978-3-642-02577-8{\_}18},
    issn = {03029743},
    keywords = {Direct manipulation, Gestures, Hand tracking, Interaction, Touchless, User experience}
}

@article{Chuang2014TouchlessInfrared,
    title = {{Touchless Positioning System Using LED Sensors Infrared}},
    year = {2014},
    author = {Chuang, Cheng-ta and Chang, Tom and Jau, Pei-hung and Chang, Fan-ren},
    pages = {1--6},
    publisher = {IEEE},
    isbn = {9781479943678},
    keywords = {-injrared, ir, led, positioning, touchless, trilateration}
}

@article{Leibe2006TowardRecognition,
    title = {{Toward Category-Level Object Recognition}},
    year = {2006},
    journal = {Toward Category-Level Object Recognition},
    author = {Leibe, Bastian and Leonardis, Ales and Schiele, Bernt},
    pages = {508--524},
    volume = {4170},
    url = {http://link.springer.com/chapter/10.1007/11957959_26%5Cnhttp://www.springerlink.com/index/10.1007/11957959},
    isbn = {978-3-540-68794-8},
    issn = {1532-4435},
    pmid = {14629560},
    keywords = {convolutional networks, energy based models, face detection, object recognition, pose estimation}
}

@article{Li2020TypeRobots,
    title = {{Type synthesis of a class of novel 3-DOF single-loop parallel leg mechanisms for walking robots}},
    year = {2020},
    journal = {Mechanism and Machine Theory},
    author = {Li, Luquan and Fang, Yuefa and Guo, Sheng and Qu, Haibo and Wang, Lin},
    volume = {145},
    publisher = {Elsevier Ltd},
    doi = {10.1016/j.mechmachtheory.2019.103695},
    issn = {0094114X},
    keywords = {Equivalent drive mechanism, Quadruped robot,Type synthesis,Single-loop leg mec, Screw theory, Single-loop leg mechanism}
}

@article{Wakita2012UserLife,
    title = {{User evaluation to apply the robotic arm RAPUDA for an upper-limb disabilities Patient's Daily Life}},
    year = {2012},
    journal = {2012 IEEE International Conference on Robotics and Biomimetics, ROBIO 2012 - Conference Digest},
    author = {Wakita, Yujin and Yoon, Woo Keun and Yamanobe, Natsuki},
    pages = {1482--1487},
    publisher = {IEEE},
    isbn = {9781467321273},
    doi = {10.1109/ROBIO.2012.6491178}
}

@misc{UsingOpenCV,
    title = {{Using Facial Landmarks for Overlaying Faces with Masks | Learn OpenCV}},
    url = {https://learnopencv.com/using-facial-landmarks-for-overlaying-faces-with-masks/}
}

@article{Al2004Wa,
    title = {{Wa t er {\&} wa s t ewa t er en gin eerin g ˝ ˙ {\P}¨}},
    year = {2004},
    author = {Al, J O U R N and Heas, N O R T and It, S T and Ric, Elect and Er, P O W and Gin, E N},
    pages = {5--5},
    volume = {32}
}

@article{Mayer2012WalkingSpill,
    title = {{Walking with coffee: Why does it spill?}},
    year = {2012},
    journal = {Physical Review E - Statistical, Nonlinear, and Soft Matter Physics},
    author = {Mayer, H. C. and Krechetnikov, R.},
    number = {4},
    pages = {1--7},
    volume = {85},
    doi = {10.1103/PhysRevE.85.046117},
    issn = {15393755}
}

@misc{YoutubeExplenation,
    title = {{Youtube Viola Jones excellent explenation}},
    url = {https://www.youtube.com/watch?v=uEJ71VlUmMQ}
}

@article{From2013NoTitle,
    title = {{済無No Title No Title}},
    year = {2013},
    journal = {Journal of Chemical Information and Modeling},
    author = {{From百度文库}},
    number = {9},
    pages = {1689--1699},
    volume = {53},
    isbn = {9788578110796},
    issn = {1098-6596},
    pmid = {25246403},
    arxivId = {arXiv:1011.1669v3},
    keywords = {icle}
}

@book{Title,
    title = {{리튬 이차 전지용 음극소재 개발No Title}},
    author = {{강용묵}},
    isbn = {9781292076683}
}